@article{bertsimas2016best,
	title={Best subset selection via a modern optimization lens},
	author={Bertsimas, Dimitris and King, Angela and Mazumder, Rahul and others},
	journal={The annals of statistics},
	volume={44},
	number={2},
	pages={813--852},
	year={2016},
	publisher={Institute of Mathematical Statistics}
}

@article{yamada2014mrmr,
	title={N$^3${LARS}: Minimum Redundancy Maximum Relevance Feature Selection for Large and High-dimensional Data},
	author={Yamada, Makoto and Saha, Avishek and Ouyang, Hua and Yin, Dawei and Chang, Yi},
	journal={arXiv preprint arXiv:1411.2331},
	year={2014}
}

@article{ding2005mrmr,
	title={Minimum redundancy feature selection from microarray gene expression data},
	author={Ding, Chris and Peng, Hanchuan},
	journal={Journal of bioinformatics and computational biology},
	volume={3},
	number={02},
	pages={185--205},
	year={2005},
	publisher={World Scientific}
}

@article{peng2005feature,
	title={Feature selection based on mutual information criteria of max-dependency, max-relevance, and min-redundancy},
	author={Peng, Hanchuan and Long, Fuhui and Ding, Chris},
	journal={IEEE Transactions on pattern analysis and machine intelligence},
	volume={27},
	number={8},
	pages={1226--1238},
	year={2005},
	publisher={IEEE}
}

@article{li2017feature,
	title={Feature selection: A data perspective},
	author={Li, Jundong and Cheng, Kewei and Wang, Suhang and Morstatter, Fred and Trevino, Robert P and Tang, Jiliang and Liu, Huan},
	journal={ACM Computing Surveys (CSUR)},
	volume={50},
	number={6},
	pages={94},
	year={2017},
	publisher={ACM}
}

@inproceedings{nesterov1983momentum,
	title={A method of solving a convex programming problem with convergence rate O (1/k2)},
	author={Nesterov, Yurii},
	booktitle={Soviet Mathematics Doklady},
	volume={27},
	number={2},
	pages={372--376},
	year={1983}
}
@article{duchi2011adagrad,
	title={Adaptive subgradient methods for online learning and stochastic optimization},
	author={Duchi, John and Hazan, Elad and Singer, Yoram},
	journal={Journal of Machine Learning Research},
	volume={12},
	number={Jul},
	pages={2121--2159},
	year={2011}
}

@article{kingma2014adam,
	title={Adam: A method for stochastic optimization},
	author={Kingma, Diederik P and Ba, Jimmy},
	journal={arXiv preprint arXiv:1412.6980},
	year={2014}
}

@book{goodfellow2016deeplearningbook,
	title={Deep Learning},
	author={Ian Goodfellow and Yoshua Bengio and Aaron Courville},
	publisher={MIT Press},
	note={\url{http://www.deeplearningbook.org}},
	year={2016}
}

@book{avriel2003nonlinear,
	title={Nonlinear programming: analysis and methods},
	author={Avriel, Mordecai},
	year={2003},
	publisher={Courier Corporation}
}

@article{katrutsa2017comprehensive,
	title={Comprehensive study of feature selection methods to solve multicollinearity problem according to evaluation criteria},
	author={Katrutsa, Alexandr and Strijov, Vadim},
	journal={Expert Systems with Applications},
	volume={76},
	pages={1--11},
	year={2017},
	publisher={Elsevier}
}

@article{rodriguez2010qpfs,
	title={Quadratic programming feature selection},
	author={Rodriguez-Lujan, Irene and Huerta, Ramon and Elkan, Charles and Cruz, Carlos Santa},
	journal={Journal of Machine Learning Research},
	volume={11},
	number={Apr},
	pages={1491--1516},
	year={2010}
}

@article{blaschke1997convergence,
	title={On convergence rates for the iteratively regularized Gauss-Newton method},
	author={Blaschke, Barbara and Neubauer, Andreas and Scherzer, Otmar},
	journal={IMA Journal of Numerical Analysis},
	volume={17},
	number={3},
	pages={421--436},
	year={1997},
	publisher={Oxford University Press}
}

@inproceedings{botev2017newtondeeplearning,
	title={Practical Gauss-Newton Optimisation for Deep Learning},
	author={Botev, Aleksandar and Ritter, Hippolyt and Barber, David},
	booktitle={International Conference on Machine Learning},
	pages={557--565},
	year={2017}
}

@misc{uci2017,
	author = "Dheeru, Dua and Karra Taniskidou, Efi",
	year = "2017",
	title = "{UCI} Machine Learning Repository",
	url = "http://archive.ics.uci.edu/ml",
	institution = "University of California, Irvine, School of Information and Computer Sciences" }